@article{vaintroduction-matthewhoy,
	author = {Matthew B. Hoy},
	title = {Alexa, Siri, Cortana, and More: An Introduction to Voice Assistants},
	journal = {Medical Reference Services Quarterly},
	volume = {37},
	number = {1},
	pages = {81-88},
	year  = {2018},
	publisher = {Routledge},
	doi = {10.1080/02763869.2018.1404391},
	note ={PMID: 29327988},
	URL = { 
	https://doi.org/10.1080/02763869.2018.1404391
	},
	eprint = { 
	https://doi.org/10.1080/02763869.2018.1404391
	}
}

@book{sr-methods,
	title     = {Automatic Speech Recognition: A Deep Learning Approach},
	author    = {Dong Yu, Li Deng},
	publisher = {Springer},
	year      =  {2015},
	language  = {en}
}

@ARTICLE{foss-marcojuridico,
	AUTHOR =       "Jordi Mas",
	TITLE =        "Marco jur\'{\i}dico y oportunidades de negocio en el software libre",
	JOURNAL =      "UOC Papers",
	YEAR =         "2005",
	number =       "1",
	note =         "Art\'{\i}culo en l\'{\i}nea",
	issn =         "1885-1541",
	url =          "/uocpapers/1/dt/eps/mas.pdf",
}

@misc{rasa,
	author = {Rasa},
	title  = {Documentación de Rasa Open Source},
	howpublished = {https://rasa.com/open-source/},
	note = {Visitado por última vez el 30/3/2022}
}

