@misc{gplv3,
    author       = {Free Software Foundation},
    title        = {{GNU} {G}eneral {P}ublic {L}icense},
    version      = {3},
	howpublished = {\url{http://www.gnu.org/licenses/gpl.html}},
    shorthand    = {GPL},
}

@BOOK{Prieto2006-ss,
	title     = {Introduccion a la Informatica},
	author    = {Alberto Prieto, Antonio Lloris, Juan Carlos Torres},
	publisher = {McGraw-Hill Companies},
	month     =  {nov},
	year      =  {2006},
	language  = {es}
}


@Article{lopd-2018,
	title        = {Ley Orgánica 3/2018, de 5 de diciembre, de Protección de Datos Personales y 
	garantía de los derechos digitales.},
	journal = {Boletín Oficial del Estado},
	year = {2018},
	month = {Diciembre},
	volume = {294},
	howpublished = {\url{https://www.boe.es/boe/dias/2018/12/06/pdfs/BOE-A-2018-16673.pdf}}
}

@misc{fsf-about,
	author       = {Free Software Foundation}, 
	title        = {El Software Libre es una cuestión de libertad, no de precio },
	howpublished = {\url{https://www.fsf.org/es/about}}
}

@misc{osi-about,
	author       = {Open Source Initiative}, 
	title        = {The Open Source Definition},
	howpublished = {\url{https://opensource.org/docs/osd}}
}






